<?xml version="1.0" encoding="UTF-8"?><collection xmlns="http://www.loc.gov/MARC21/slim"><record><leader>00691nam--2200217-i-4500</leader><controlfield tag="001">000046394</controlfield><controlfield tag="002">20161230</controlfield><controlfield tag="005">20170103225610</controlfield><controlfield tag="008">060222s1000------------r-----000-0-rus-d</controlfield><datafield ind1=" " ind2=" " tag="040"><subfield code="a">IFIN-HH</subfield></datafield><datafield ind1=" " ind2=" " tag="041"><subfield code="a">rus</subfield></datafield><datafield ind1=" " ind2=" " tag="080"><subfield code="a">539.124.143:543.422.25</subfield></datafield><datafield ind1="1" ind2=" " tag="100"><subfield code="a">Emsley, J. W</subfield></datafield><datafield ind1="1" ind2="0" tag="245"><subfield code="a">Spectroskopia iadernogo magnitnogo rezonansa visokogo razresenia</subfield><subfield code="c">J.W. Emsley,J. Feeney, L.H. Sutcliffe</subfield></datafield><datafield ind1=" " ind2=" " tag="260"><subfield code="a">Moskva</subfield><subfield code="b">Mir</subfield><subfield code="c">1968</subfield></datafield><datafield ind1=" " ind2=" " tag="300"><subfield code="a">2 volume</subfield></datafield><datafield ind1=" " ind2=" " tag="500"><subfield code="a">Titlul Original In Limba Engleza: High Resolution Nuclear Magnetic Resonance Spectroscopy Volume 1, 2</subfield></datafield><datafield ind1="1" ind2=" " tag="700"><subfield code="a">Sutcliffe, L. H</subfield></datafield><datafield ind1="1" ind2=" " tag="787"><subfield code="a">Tom 1</subfield><subfield code="h">630 p</subfield></datafield><datafield ind1=" " ind2=" " tag="852"><subfield code="a">29465</subfield><subfield code="c">539.143.43</subfield></datafield><datafield ind1=" " ind2=" " tag="CAT"><subfield code="a">SYS</subfield><subfield code="c">20170103</subfield><subfield code="h">225610</subfield></datafield></record></collection>